%% Replace this file with the bib-file that you set up in Mendeley. Then manage references only in Mendeley and let it auto-generate the bib.file for you. If you mess it up, let me know so we can fix it.

@Article{Abma2000,
  author  = {Abma, T.},
  title   = {Fostering learning-in-organizing through narration: questioning myths and stimulating multiplicity in two performing art schools},
  journal = {European Journal of Work and Organizational Psychology},
  year    = {2000},
  volume  = {9},
  number  = {},
  pages   = {211--231},
  }
  
 @Article{Abma2003,
  author  = {Abma, T.},
  title   = {Learning by telling},
  journal = {Management Learning},
  year    = {2003},
  volume  = {34},
  number  = {2},
  pages   = {221--241},
  }

@InCollection{Ancora2012,
  author    = {Ancora, D.},
  title     = {Sensemaking: framing and acting in the unknown},
  booktitle = {The handbook for teaching leadership: knowing, doing, and being},
  year      = {2012},
  editor    = {Snook, S. and Nohria, N. and Khurana, R.},
  publisher = {Sage},
  location  = {London, United Kingdom},
  pages     = {3--19},
}

@Report{Czarniawska2000,
  author      = {Czarniawska, B.},
  title       = {The Uses of Narrative in Organization Research},
  type        = {resreport},
  institution = {Gothenburg Research Institute},
  location    = {Gothenburg, Sweden},
  date        = {2000},
}

@Book{Weick1995,
  author     = {Weick, K. E.},
  title      = {Sensemaking in Organizations},
  date       = {1995},
  publisher  = {SAGE Publications},
  location   = {Thousand Oaks, CA},
}

@Article{Weick2005,
  author        = {Weick, K. E. and Sutcliffe, K. M. and Obstfeld, D.},
  title         = {Organizing and the process of sensemaking},
  journaltitle  = {Organization Science},
  date          = {2005},
  volume        = {16},
  number        = {4},
  pages         = {409--421},
}

